<record><leader>00000cas a2200000 a 4500</leader><controlfield tag="001">10803963</controlfield><controlfield tag="007">hd afu---baca</controlfield><controlfield tag="008">840604d18771917dcuwr nea     0    0eng c</controlfield><datafield ind1=" " ind2=" " tag="010"><subfield code="a">   00229143 </subfield></datafield><datafield ind1=" " ind2=" " tag="040"><subfield code="a">HUH</subfield><subfield code="b">eng</subfield><subfield code="c">HUH</subfield><subfield code="d">FUG</subfield><subfield code="d">DLC</subfield><subfield code="d">OCLCQ</subfield><subfield code="d">OCLCF</subfield><subfield code="d">OCLCO</subfield><subfield code="d">OCLCQ</subfield></datafield><datafield ind1=" " ind2=" " tag="042"><subfield code="a">pcc</subfield></datafield><datafield ind1=" " ind2=" " tag="043"><subfield code="a">n-us-dc</subfield></datafield><datafield ind1="0" ind2="4" tag="245"><subfield code="a">The National tribune.</subfield></datafield><datafield ind1="1" ind2="3" tag="246"><subfield code="a">United States national tribune</subfield></datafield><datafield ind1=" " ind2=" " tag="260"><subfield code="a">Washington, D.C. :</subfield><subfield code="b">G.E. Lemon &amp; Co.,</subfield><subfield code="c">1877-1917.</subfield></datafield><datafield ind1=" " ind2=" " tag="300"><subfield code="a">volumes :</subfield><subfield code="b">illustrations</subfield></datafield><datafield ind1=" " ind2=" " tag="310"><subfield code="a">Weekly,</subfield><subfield code="b">Aug. 20, 1881-July 12, 1917</subfield></datafield><datafield ind1=" " ind2=" " tag="321"><subfield code="a">Monthly, Oct. 1877-June 1881</subfield></datafield><datafield ind1=" " ind2=" " tag="336"><subfield code="a">text</subfield><subfield code="b">txt</subfield><subfield code="2">rdacontent</subfield></datafield><datafield ind1=" " ind2=" " tag="337"><subfield code="a">microform</subfield><subfield code="b">h</subfield><subfield code="2">rdamedia</subfield></datafield><datafield ind1=" " ind2=" " tag="338"><subfield code="a">microfilm reel</subfield><subfield code="b">hd</subfield><subfield code="2">rdacarrier</subfield></datafield><datafield ind1="0" ind2=" " tag="362"><subfield code="a">Vol. 1, no. 1 (Oct. 1877)-v.36, no. 28 (July 12, 1917).</subfield></datafield><datafield ind1=" " ind2=" " tag="500"><subfield code="a">Subtitle varies.</subfield></datafield><datafield ind1=" " ind2=" " tag="500"><subfield code="a">Beginning with vol. 2, no. 3, imprint varies: Washington, D.C. : National Tribune Company.</subfield></datafield><datafield ind1=" " ind2=" " tag="500"><subfield code="a">"A monthly Journal devoted to the interests of the Soldiers and Sailors of the late War, and all Pensioners of the United States.</subfield></datafield><datafield ind1=" " ind2=" " tag="515"><subfield code="a">Suspended July-Aug. 19, 1881?</subfield></datafield><datafield ind1=" " ind2=" " tag="515"><subfield code="a">Began New ser., v.1, no. 1 (Aug. 20, 1881).</subfield></datafield><datafield ind1=" " ind2=" " tag="515"><subfield code="a">Issues for Aug. 12, 1882-July 17, 1917 called also whole no. 53-whole no. 1870.</subfield></datafield><datafield ind1=" " ind2=" " tag="525"><subfield code="a">Supplements accompany some issues.</subfield></datafield><datafield ind1=" " ind2=" " tag="530"><subfield code="a">Also issued in the original print ed.</subfield></datafield><datafield ind1=" " ind2=" " tag="533"><subfield code="a">Microfilm.</subfield><subfield code="b">Washington, D.C. :</subfield><subfield code="c">Library of Congress, Photoduplication Service,</subfield><subfield code="d">[1976?].</subfield><subfield code="e">microfilm reels ; 35 mm.</subfield></datafield><datafield ind1=" " ind2="0" tag="651"><subfield code="a">Washington (D.C.)</subfield><subfield code="v">Newspapers.</subfield></datafield><datafield ind1=" " ind2="0" tag="650"><subfield code="a">Military art and science</subfield><subfield code="z">United States</subfield><subfield code="v">Newspapers.</subfield></datafield><datafield ind1=" " ind2="0" tag="650"><subfield code="a">Military pensions</subfield><subfield code="z">United States</subfield><subfield code="v">Newspapers.</subfield></datafield><datafield ind1=" " ind2="7" tag="650"><subfield code="a">Military art and science.</subfield><subfield code="2">fast</subfield><subfield code="0">(OCoLC)fst01020874</subfield></datafield><datafield ind1=" " ind2="7" tag="650"><subfield code="a">Military pensions.</subfield><subfield code="2">fast</subfield><subfield code="0">(OCoLC)fst01021361</subfield></datafield><datafield ind1=" " ind2="7" tag="651"><subfield code="a">United States.</subfield><subfield code="2">fast</subfield><subfield code="0">(OCoLC)fst01204155</subfield></datafield><datafield ind1=" " ind2="7" tag="651"><subfield code="a">Washington (D.C.)</subfield><subfield code="2">fast</subfield><subfield code="0">(OCoLC)fst01204505</subfield></datafield><datafield ind1=" " ind2="7" tag="655"><subfield code="a">Newspapers.</subfield><subfield code="2">fast</subfield><subfield code="0">(OCoLC)fst01423814</subfield></datafield><datafield ind1=" " ind2=" " tag="752"><subfield code="a">United States</subfield><subfield code="b">District of Columbia</subfield><subfield code="d">Washington.</subfield></datafield><datafield ind1="1" ind2=" " tag="776"><subfield code="c">Original</subfield><subfield code="x">2151-3937</subfield><subfield code="w">(DLC)sn 82016187</subfield><subfield code="w">(OCoLC)1759440</subfield></datafield><datafield ind1="1" ind2=" " tag="776"><subfield code="t">National tribune (Washington, D.C. : Online)</subfield><subfield code="x">2169-5903</subfield><subfield code="w">(DLC)  2012203873</subfield><subfield code="w">(OCoLC)701514289</subfield></datafield><datafield ind1="0" ind2="7" tag="785"><subfield code="t">National guardsman and the American standard</subfield></datafield><datafield ind1="0" ind2="7" tag="785"><subfield code="t">National tribune, incorporating the national guardsman and the American standard</subfield></datafield><datafield ind1=" " ind2=" " tag="850"><subfield code="a">FU</subfield></datafield><datafield ind1="1" ind2=" " tag="029"><subfield code="a">AU@</subfield><subfield code="b">000022165637</subfield></datafield></record>